<record><leader>00000cas a22000007a 4500</leader><controlfield tag="001">1760975</controlfield><controlfield tag="008">751101c19069999nduwr ne      0   a0eng d</controlfield><datafield ind1=" " ind2=" " tag="010"><subfield code="a">sn 87096017 </subfield></datafield><datafield ind1=" " ind2=" " tag="040"><subfield code="a">MUL</subfield><subfield code="b">eng</subfield><subfield code="c">MUL</subfield><subfield code="d">NOP</subfield><subfield code="d">DLC</subfield><subfield code="d">OCLCF</subfield></datafield><datafield ind1="0" ind2=" " tag="022"><subfield code="a">2572-5858</subfield><subfield code="2">1</subfield></datafield><datafield ind1="1" ind2=" " tag="029"><subfield code="a">AU@</subfield><subfield code="b">000025789567</subfield></datafield><datafield ind1=" " ind2=" " tag="042"><subfield code="a">msc</subfield><subfield code="a">nsdp</subfield></datafield><datafield ind1=" " ind2=" " tag="043"><subfield code="a">n-us-nd</subfield></datafield><datafield ind1="0" ind2="0" tag="050"><subfield code="a">Newspaper</subfield></datafield><datafield ind1="1" ind2="0" tag="082"><subfield code="a">071</subfield><subfield code="2">23</subfield></datafield><datafield ind1=" " ind2="4" tag="222"><subfield code="a">The Oakes times</subfield><subfield code="b">(Print)</subfield></datafield><datafield ind1="0" ind2="4" tag="245"><subfield code="a">The Oakes times.</subfield></datafield><datafield ind1=" " ind2=" " tag="260"><subfield code="a">Oakes, N.D. :</subfield><subfield code="b">Alex. R. Wright</subfield></datafield><datafield ind1=" " ind2=" " tag="300"><subfield code="a">v. :</subfield><subfield code="b">ill. ;</subfield><subfield code="c">55-61 cm.</subfield></datafield><datafield ind1=" " ind2=" " tag="310"><subfield code="a">Weekly</subfield></datafield><datafield ind1="0" ind2=" " tag="362"><subfield code="a">Vol. 23, no. 1 (Jan. 25, 1906)-</subfield></datafield><datafield ind1=" " ind2=" " tag="500"><subfield code="a">"Official newspaper City of Oakes and County of Dickey.</subfield></datafield><datafield ind1=" " ind2=" " tag="500"><subfield code="a">Special issues published: 1906 Christmas issue containing Dickey County history; Jan. 5, 1984--100th year history issue.</subfield></datafield><datafield ind1=" " ind2=" " tag="530"><subfield code="a">Available on microfilm from the State Historical Society of North Dakota.</subfield></datafield><datafield ind1=" " ind2=" " tag="530"><subfield code="a">Archived issues are available in digital format from the Library of Congress Chronicling America online collection.</subfield></datafield><datafield ind1=" " ind2="0" tag="651"><subfield code="a">Oakes (N.D.)</subfield><subfield code="v">Newspapers.</subfield></datafield><datafield ind1=" " ind2="7" tag="655"><subfield code="a">Newspapers.</subfield><subfield code="2">fast</subfield><subfield code="0">(OCoLC)fst01423814</subfield></datafield><datafield ind1=" " ind2="7" tag="651"><subfield code="a">North Dakota</subfield><subfield code="z">Oakes.</subfield><subfield code="2">fast</subfield><subfield code="0">(OCoLC)fst01248959</subfield></datafield><datafield ind1=" " ind2=" " tag="752"><subfield code="a">United States</subfield><subfield code="b">North Dakota</subfield><subfield code="c">Dickey</subfield><subfield code="d">Oakes.</subfield></datafield><datafield ind1="0" ind2="8" tag="776"><subfield code="i">Online version:</subfield><subfield code="t">Oakes times</subfield><subfield code="x">2572-5866</subfield><subfield code="w">(DLC)  2017218610</subfield><subfield code="w">(OCoLC)981486688</subfield></datafield><datafield ind1="0" ind2="0" tag="780"><subfield code="t">Oakes Republican</subfield><subfield code="w">(DLC)sn 88076145</subfield></datafield><datafield ind1="0" ind2="5" tag="780"><subfield code="t">Merricourt Valley news</subfield><subfield code="w">(DLC)sn 87096019</subfield></datafield><datafield ind1="0" ind2="5" tag="780"><subfield code="t">Monango journal</subfield><subfield code="w">(DLC)sn 87096020</subfield></datafield><datafield ind1="4" ind2="1" tag="856"><subfield code="u">http://www.loc.gov/chroniclingamerica/lccn/sn87096017/issues</subfield></datafield></record>